@article{thelwall2001web,
  title={A web crawler design for data mining},
  author={Thelwall, Mike},
  journal={Journal of Information Science},
  volume={27},
  number={5},
  pages={319--325},
  year={2001},
  publisher={Sage Publications Sage CA: Thousand Oaks, CA}
}

@article{ddos,
  title={基于 SOA 架构的恶意爬虫 DDoS 攻击检测技术研究},
  author={刘书林 and 赵运弢},
  journal={数字技术与应用},
  number={10},
  pages={202--202},
  year={2016}
}

@article{lee2009classification,
  title={Classification of web robots: An empirical study based on over one billion requests},
  author={Lee, Junsup and Cha, Sungdeok and Lee, Dongkun and Lee, Hyungkyu},
  journal={computers \& security},
  volume={28},
  number={8},
  pages={795--802},
  year={2009},
  publisher={Elsevier}
}

@inproceedings{alnoamany2013access,
  title={Access patterns for robots and humans in web archives},
  author={AlNoamany, Yasmin A and Weigle, Michele C and Nelson, Michael L},
  booktitle={Proceedings of the 13th ACM/IEEE-CS joint conference on Digital libraries},
  pages={339--348},
  year={2013},
  organization={ACM}
}

@inproceedings{guo2005web,
  title={Web robot detection techniques based on statistics of their requested URL resources},
  author={Guo, Weigang and Ju, Shiguang and Gu, Yi},
  booktitle={Proceedings of the Ninth International Conference on Computer Supported Cooperative Work in Design, 2005.},
  volume={1},
  pages={302--306},
  year={2005},
  organization={IEEE}
}

@incollection{tan2004discovery,
  title={Discovery of web robot sessions based on their navigational patterns},
  author={Tan, Pang-Ning and Kumar, Vipin},
  booktitle={Intelligent Technologies for Information Analysis},
  pages={193--222},
  year={2004},
  publisher={Springer}
}

@inproceedings{doran2012detecting,
  title={Detecting web robots using resource request patterns},
  author={Doran, Derek and Gokhale, Swapna S},
  booktitle={2012 11th International Conference on Machine Learning and Applications},
  volume={1},
  pages={7--12},
  year={2012},
  organization={IEEE}
}


@inproceedings{stephens2016driller,
  title={Driller: Augmenting Fuzzing Through Selective Symbolic Execution.},
  author={Stephens, Nick and Grosen, John and Salls, Christopher and Dutcher, Andrew and Wang, Ruoyu and Corbetta, Jacopo and Shoshitaishvili, Yan and Kruegel, Christopher and Vigna, Giovanni},
  booktitle={NDSS},
  volume={16},
  number={2016},
  pages={1--16},
  year={2016}
}

@article{doran2011web,
  title={Web robot detection techniques: overview and limitations},
  author={Doran, Derek and Gokhale, Swapna S},
  journal={Data Mining and Knowledge Discovery},
  volume={22},
  number={1-2},
  pages={183--210},
  year={2011},
  publisher={Springer}
}

@misc{ua2012database,
  author = {Martin M},
  title = {Crawler user agent database},
  url = {https://github.com/monperrus/crawler-user-agents/},
  year = {2012}, 
  note = "[Online; accessed 19-July-2019]"
}

@article{greene2016web,
  title={Web robot detection in scholarly Open Access institutional repositories},
  author={Greene, Joseph W},
  journal={Library Hi Tech},
  volume={34},
  number={3},
  pages={500--520},
  year={2016},
  publisher={Emerald Group Publishing Limited}
}

@inproceedings{eckersley2010unique,
  title={How unique is your web browser?},
  author={Eckersley, Peter},
  booktitle={International Symposium on Privacy Enhancing Technologies Symposium},
  pages={1--18},
  year={2010},
  organization={Springer}
}


@article{mowery2012pixel,
  title={Pixel perfect: Fingerprinting canvas in HTML5},
  author={Mowery, Keaton and Shacham, Hovav},
  journal={Proceedings of W2SP},
  pages={1--12},
  year={2012}
}

@inproceedings{reiter2017webrtc,
  title={WebRTC: your privacy is at risk},
  author={Reiter, Andreas and Marsalek, Alexander},
  booktitle={Proceedings of the Symposium on Applied Computing},
  pages={664--669},
  year={2017},
  organization={ACM}
}

@inproceedings{mulazzani2013fast,
  title={Fast and reliable browser identification with javascript engine fingerprinting},
  author={Mulazzani, Martin and Reschl, Philipp and Huber, Markus and Leithner, Manuel and Schrittwieser, Sebastian and Weippl, Edgar and Wien, FC},
  booktitle={Web 2.0 Workshop on Security and Privacy (W2SP)},
  volume={5},
  year={2013},
  organization={Citeseer}
}


@article{cadar2013symbolic,
  title={Symbolic execution for software testing: three decades later.},
  author={Cadar, Cristian and Sen, Koushik},
  journal={Commun. ACM},
  volume={56},
  number={2},
  pages={82--90},
  year={2013}
}

@inproceedings{schwartz2010symbolic,
  title={All you ever wanted to know about dynamic taint analysis and forward symbolic execution (but might have been afraid to ask)},
  author={Schwartz, Edward J and Avgerinos, Thanassis and Brumley, David},
  booktitle={2010 IEEE symposium on Security and privacy},
  pages={317--331},
  year={2010},
  organization={IEEE}
}

@inproceedings{balla2011real,
  title={Real-time web crawler detection},
  author={Balla, Andoena and Stassopoulou, Athena and Dikaiakos, Marios D},
  booktitle={2011 18th International Conference on Telecommunications},
  pages={428--432},
  year={2011},
  organization={IEEE}
}

@inproceedings{liu2016research,
  title={Research on an anti-crawling mechanism and key algorithm based on sliding time window},
  author={Liu, Yi and Yang, Zhengqiu and Xiu, Jiapeng and Liu, Chen},
  booktitle={2016 4th International Conference on Cloud Computing and Intelligence Systems (CCIS)},
  pages={220--223},
  year={2016},
  organization={IEEE}
}

@article{wan2016protecting,
  title={Protecting Web Contents Against Persistent Crawlers},
  author={Wan, Shengye},
  year={2016}
}

@article{li2003web,
  title={Web 信息采集研究进展},
  author={李盛韬 and 余智华 and 程学旗 and 白硕},
  journal={计算机科学},
  volume={30},
  number={2},
  pages={151--157},
  year={2003}
}

@phdthesis{zhoulizhu2005,
  title={聚焦爬虫技术研究综述},
  author={周立柱 and 林玲},
  year={2005}
}

@article{yan2002architectural,
  title={Architectural design and evaluation of an efficient Web-crawling system},
  author={Yan, Hongfei and Wang, Jianyong and Li, Xiaoming and Guo, Lin},
  journal={Journal of Systems and Software},
  volume={60},
  number={3},
  pages={185--193},
  year={2002},
  publisher={Elsevier}
}

@article{bergman2001white,
  title={White paper: the deep web: surfacing hidden value},
  author={Bergman, Michael K},
  journal={Journal of electronic publishing},
  volume={7},
  number={1},
  year={2001},
  publisher={Michigan Publishing, University of Michigan Library}
}

@techreport{raghavan2000crawling,
  title={Crawling the hidden web},
  author={Raghavan, Sriram and Garcia-Molina, Hector},
  year={2000},
  institution={Stanford}
}

@article{cho2001crawling,
  title={Crawling the web: discovery and maintenance of large-scale web data},
  author={Cho, Junghoo},
  journal={A Thesis Nov},
  year={2001}
}

@book{2008lucene,
  title={Lucene+ Nutch 搜索引擎开发},
  author={学松},
  year={2008},
  publisher={人民邮电出版社}
}


@inproceedings{de1994information,
  title={Information retrieval in distributed hypertexts},
  author={De Bra, Paul and Houben, Geert-Jan and Kornatzky, Yoram and Post, Reinier},
  booktitle={Intelligent Multimedia Information Retrieval Systems and Management-Volume 1},
  pages={481--491},
  year={1994},
  organization={LE CENTRE DE HAUTES ETUDES INTERNATIONALES D'INFORMATIQUE DOCUMENTAIRE}
}


@article{menczer2003complementing,
  title={Complementing search engines with online web mining agents},
  author={Menczer, Filippo},
  journal={Decision support systems},
  volume={35},
  number={2},
  pages={195--212},
  year={2003},
  publisher={Elsevier}
}


@inproceedings{rennie1999using,
  title={Using reinforcement learning to spider the web efficiently},
  author={Rennie, Jason and McCallum, Andrew and others},
  booktitle={ICML},
  volume={99},
  pages={335--343},
  year={1999}
}


@inproceedings{diligenti2000focused,
  title={Focused Crawling Using Context Graphs.},
  author={Diligenti, Michelangelo and Coetzee, Frans and Lawrence, Steve and Giles, C Lee and Gori, Marco and others},
  booktitle={VLDB},
  pages={527--534},
  year={2000}
}

@article{gojare2015analysis,
  title={Analysis and design of selenium webdriver automation testing framework},
  author={Gojare, Satish and Joshi, Rahul and Gaigaware, Dhanashree},
  journal={Procedia Computer Science},
  volume={50},
  pages={341--346},
  year={2015},
  publisher={Elsevier}
}

@misc{malicious,
  author = {Wang Yu},
  title = {The malicious traffic detection rules},
  url = {https://gitlab.com/zhl2008/anti-crawler/blob/master/proxy/malicious_rules.txt},
  year = {2019}, 
  note = "[Online; accessed 19-May-2019]"
}


@misc{put,
  author = {peewpw},
  title = {Tomcat Remote Code Execution via JSP Upload Bypass},
  url = {https://www.exploit-db.com/exploits/43008},
  year = {2012}, 
  note = "[Online; accessed 19-November-2019]"
}

@inproceedings{jueckstock2019visiblev8,
  title={VisibleV8: In-browser Monitoring of JavaScript in the Wild},
  author={Jueckstock, Jordan and Kapravelos, Alexandros},
  booktitle={Proceedings of the Internet Measurement Conference},
  pages={393--405},
  year={2019},
  organization={ACM}
}

@inproceedings{gisbert2014effectiveness,
  title={On the effectiveness of nx, ssp, renewssp, and aslr against stack buffer overflows},
  author={Gisbert, Hector Marco and Ripoll, Ismael},
  booktitle={2014 IEEE 13th International Symposium on Network Computing and Applications},
  pages={145--152},
  year={2014},
  organization={IEEE}
}


@inproceedings{flanagan2001avoiding,
  title={Avoiding exponential explosion: Generating compact verification conditions},
  author={Flanagan, Cormac and Flanagan, Cormac and Saxe, James B},
  booktitle={ACM SIGPLAN Notices},
  volume={36},
  number={3},
  pages={193--205},
  year={2001},
  organization={ACM}
}

@article{egele2007dynamic,
  title={Dynamic spyware analysis},
  author={Egele, Manuel and Kruegel, Christopher and Kirda, Engin and Yin, Heng and Song, Dawn},
  year={2007},
  publisher={Advanced Computing Systems Professional and Technical Association}
}


@inproceedings{schwartz2010all,
  title={All you ever wanted to know about dynamic taint analysis and forward symbolic execution (but might have been afraid to ask)},
  author={Schwartz, Edward J and Avgerinos, Thanassis and Brumley, David},
  booktitle={2010 IEEE symposium on Security and privacy},
  pages={317--331},
  year={2010},
  organization={IEEE}
}


@article{manes2019art,
  title={The art, science, and engineering of fuzzing: A survey},
  author={Man{\`e}s, Valentin Jean Marie and Han, HyungSeok and Han, Choongwoo and Cha, Sang Kil and Egele, Manuel and Schwartz, Edward J and Woo, Maverick},
  journal={IEEE Transactions on Software Engineering},
  year={2019},
  publisher={IEEE}
}


@inproceedings{shoshitaishvili2016sok,
  title={Sok:(state of) the art of war: Offensive techniques in binary analysis},
  author={Shoshitaishvili, Yan and Wang, Ruoyu and Salls, Christopher and Stephens, Nick and Polino, Mario and Dutcher, Andrew and Grosen, John and Feng, Siji and Hauser, Christophe and Kruegel, Christopher and others},
  booktitle={2016 IEEE Symposium on Security and Privacy (SP)},
  pages={138--157},
  year={2016},
  organization={IEEE}
}


@misc{domato,
  author = {Ivan Fratric},
  title = {Domato -- A DOM fuzzer},
  url = {https://github.com/googleprojectzero/domato},
  year = {2017}, 
  note = "[Online; accessed 19-November-2019]"
}


@misc{crawlernet,
  author = {Zhang Haoling},
  title = {Crawler-Net},
  year = {2019}, 
  url = {https://gitlab.com/zhl2008/anti-crawler/}
}
